%YAML 1.1
%TAG !u! tag:unity3d.com,2011:
--- !u!1 &151464
GameObject:
  m_ObjectHideFlags: 0
  m_PrefabParentObject: {fileID: 0}
  m_PrefabInternal: {fileID: 100100000}
  serializedVersion: 4
  m_Component:
  - 4: {fileID: 489102}
  - 114: {fileID: 11463928}
  - 114: {fileID: 11409806}
  m_Layer: 0
  m_Name: Game Controller
  m_TagString: Untagged
  m_Icon: {fileID: 0}
  m_NavMeshLayer: 0
  m_StaticEditorFlags: 0
  m_IsActive: 1
--- !u!4 &489102
Transform:
  m_ObjectHideFlags: 1
  m_PrefabParentObject: {fileID: 0}
  m_PrefabInternal: {fileID: 100100000}
  m_GameObject: {fileID: 151464}
  m_LocalRotation: {x: 0, y: 0, z: 0, w: 1}
  m_LocalPosition: {x: 0, y: 0, z: 0}
  m_LocalScale: {x: 1, y: 1, z: 1}
  m_Children: []
  m_Father: {fileID: 0}
  m_RootOrder: 0
--- !u!114 &11409806
MonoBehaviour:
  m_ObjectHideFlags: 1
  m_PrefabParentObject: {fileID: 0}
  m_PrefabInternal: {fileID: 100100000}
  m_GameObject: {fileID: 151464}
  m_Enabled: 1
  m_EditorHideFlags: 0
  m_Script: {fileID: 11500000, guid: c8fe0c00898bcf04185683e39d61c676, type: 3}
  m_Name: 
  m_EditorClassIdentifier: 
  columns: 10
  rows: 10
  floors:
  - {fileID: 195318, guid: 5696da34e8bc6de4f8c51afbc45b2419, type: 2}
  - {fileID: 156454, guid: 106d978690332cc43b0e003d9b915acd, type: 2}
  - {fileID: 158904, guid: 78c81c2ffa7768044ae1350aa69c5d68, type: 2}
  - {fileID: 145064, guid: 3b7ef8b6ae1e4ec418f73ea0ea05c1b6, type: 2}
  - {fileID: 112966, guid: 18f08611d1c59de4cb257cb98815bb38, type: 2}
  - {fileID: 195230, guid: 5291fcc7ccf51db498fad83809ab0b90, type: 2}
  - {fileID: 191742, guid: f0f09f1c99f69c849a856d93b28a7aaf, type: 2}
  - {fileID: 133338, guid: a7dd317283d1eec478bbaa526b881a49, type: 2}
  outerWalls:
  - {fileID: 167010, guid: c15ba0179df5e8446a69c6ff95c39552, type: 2}
  - {fileID: 108644, guid: 11f870a1af4369a4fbad69517b9e8e3c, type: 2}
  - {fileID: 196652, guid: 14196c492c3c7e84a81a54e5b459d127, type: 2}
  wallObstacles:
  - {fileID: 141084, guid: bf98369c09868884399d77d706e14870, type: 2}
  - {fileID: 147546, guid: 960062af81dbcee4290d33443a6b0fa9, type: 2}
  - {fileID: 173590, guid: bceab78eabbcd5f46bd1777e68a7242f, type: 2}
  - {fileID: 135698, guid: 22751bd1424fa0d489c6f5415205b5cc, type: 2}
  - {fileID: 108174, guid: aa0c8e33acecd3445b0e713f10bd8656, type: 2}
  - {fileID: 129260, guid: c9df9b525ad307243bcf89e616b97a3b, type: 2}
  - {fileID: 188396, guid: bb0b0234e4be5a44686a95862c6a0d27, type: 2}
  - {fileID: 109650, guid: 8e5a58dc2c9f9ff46998d6b51916d458, type: 2}
  foodItems:
  - {fileID: 112872, guid: ba1f3e3c2835d8848b728f7f7ba27b3b, type: 2}
  - {fileID: 152880, guid: 3cd2994ae42a15b42bc735ec13f72cbd, type: 2}
  enemies:
  - {fileID: 115904, guid: 30535081d0117504e84ccac11a6b89f4, type: 2}
  - {fileID: 130134, guid: 819750f94c01e1d4db8bdf6c7d976517, type: 2}
  exit: {fileID: 153452, guid: 5add206ddb79fc44bbd2ae83d35d6bd9, type: 2}
--- !u!114 &11463928
MonoBehaviour:
  m_ObjectHideFlags: 1
  m_PrefabParentObject: {fileID: 0}
  m_PrefabInternal: {fileID: 100100000}
  m_GameObject: {fileID: 151464}
  m_Enabled: 1
  m_EditorHideFlags: 0
  m_Script: {fileID: 11500000, guid: 5b157678fd25930479513ca56e56f1a3, type: 3}
  m_Name: 
  m_EditorClassIdentifier: 
--- !u!1001 &100100000
Prefab:
  m_ObjectHideFlags: 1
  serializedVersion: 2
  m_Modification:
    m_TransformParent: {fileID: 0}
    m_Modifications: []
    m_RemovedComponents: []
  m_ParentPrefab: {fileID: 0}
  m_RootGameObject: {fileID: 151464}
  m_IsPrefabParent: 1
